@misc{Calin,
  author       = "Dragos George Calin",
  title        = "Guide To Choose Suitable Battery To Build A Robot",
  howpublished = "Internet: \url{http://www.intorobotics.com/guide-to-choose-suitable-battery-to-build-a-robot/}",
  month        = "June",
  year         = "2013"
}
